@misc{ActivityDevelopers,
    title = {{Activity  |  Android Developers}},
    url = {https://developer.android.com/reference/android/app/Activity}
}

@misc{AstaZero2023ATOS:Systems.,
    title = {{ATOS: ROS2 based platform for coordinating tests of autonomous vehicles and their surrounding systems.}},
    year = {2023},
    author = {{AstaZero}},
    month = {3},
    publisher = {Github},
    url = {https://github.com/RI-SE/ATOS}
}

@techreport{EuroNCAP2022EuroMobility,
    title = {{Euro NCAP vision 2030: A Safer Future for Mobility}},
    year = {2022},
    author = {{Euro NCAP}},
    month = {11},
    url = {https://www.euroncap.com/en/press-media/press-releases/euro-ncap-vision-2030-a-safer-future-for-mobility/}
}

@techreport{EuroNCAP2022EuropeanNCAP,
    title = {{European New Car Assessment Programme (Euro NCAP)}},
    year = {2022},
    author = {{Euro NCAP}},
    month = {11}
}

@article{EuroNCAP2021EUROPEANPROTOCOL,
    title = {{EUROPEAN NEW CAR ASSESSMENT PROGRAMME (Euro NCAP) FILM {\&} PHOTO PROTOCOL}},
    year = {2021},
    author = {{Euro NCAP}},
    month = {11},
    url = {https://cdn.euroncap.com/media/67257/euro-ncap-film-and-photo-protocol-v131.pdf}
}

@article{EuroNCAP2022EUROPEAN2023,
    title = {{EUROPEAN NEW CAR ASSESSMENT PROGRAMME (Euro NCAP) TEST PROTOCOL-AEB Car-to-Car systems Implementation 2023}},
    year = {2022},
    author = {{Euro NCAP}},
    month = {11},
    url = {https://cdn.euroncap.com/media/75439/euro-ncap-aeb-c2c-test-protocol-v411.pdf}
}

@article{EuroNCAP2022EUROPEANNCAPb,
    title = {{EUROPEAN NEW CAR ASSESSMENT PROGRAMME (Euro NCAP) TEST PROTOCOL-AEB/LSS VRU systems Implementation 2023 EUROPEAN NEW CAR ASSESSMENT PROGRAMME (Euro NCAP)}},
    year = {2022},
    author = {{Euro NCAP}},
    month = {11},
    url = {https://cdn.euroncap.com/media/75436/euro-ncap-aeb-lss-vru-test-protocol-v43.pdf}
}

@article{EuroNCAP2022EUROPEAN2023b,
    title = {{EUROPEAN NEW CAR ASSESSMENT PROGRAMME (Euro NCAP) TEST PROTOCOL-Lane Support Systems Implementation 2023}},
    year = {2022},
    author = {{Euro NCAP}},
    month = {11},
    url = {https://cdn.euroncap.com/media/75440/euro-ncap-lss-test-protocol-v42.pdf}
}

@misc{BauerSophie2020Explainer:Industry,
    title = {{Explainer: the opportunities and challenges of the lithium industry}},
    year = {2020},
    booktitle = {Di{\'{a}}logo Chino},
    author = {{Bauer Sophie}},
    month = {12},
    url = {https://dialogochino.net/en/extractive-industries/38662-explainer-the-opportunities-and-challenges-of-the-lithium-industry/}
}

@misc{DJI2018MavicDJI,
    title = {{Mavic 2 - DJI}},
    year = {2018},
    author = {{DJI}},
    url = {https://www.dji.com/se/mavic-2}
}

@misc{DJI2021MAVICSERIES,
    title = {{MAVIC 2 ENTERPRISE SERIES}},
    year = {2021},
    author = {{DJI}},
    month = {4},
    pages = {15},
    url = {https://dl.djicdn.com/downloads/Mavic_2_Enterprise/20210413/Mavic_2_Enterprise_Series_User_Manual-EN.pdf}
}

@misc{OpenCVteam2023OpenCV,
    title = {{openCV}},
    year = {2023},
    author = {{OpenCV team}},
    url = {https://opencv.org/}
}

@misc{AmitKatwala2018TheAddiction,
    title = {{The spiralling environmental cost of our lithium battery addiction}},
    year = {2018},
    booktitle = {Wired},
    author = {{Amit Katwala}},
    month = {5}
}

@misc{WhatTestDriven.io,
    title = {{What is Test-Driven Development? | TestDriven.io}},
    url = {https://testdriven.io/test-driven-development/}
}